@ARTICLE{HBL2003,
AUTHOR="{H. B. Li et al. (TEXONO)}",
TITLE="New limits on neutrino magnetic moments from the {K}uo-{S}heng reactor neutrino experiment",
JOURNAL="Phys. Rev. Lett.",
VOLUME= "90, 131802",
YEAR="2003"
}

@ARTICLE{HTW2007,
AUTHOR="{H. T. Wong et al. (TEXONO)}",
TITLE="{A Search of Neutrino Magnetic Moments with a High-Purity Germanium Detector at the Kuo-Sheng Nuclear Power Station}",
JOURNAL="Phys. Rev. D",
VOLUME= "75, 012001",
YEAR="2007"
}

@ARTICLE{STL2009,
AUTHOR="{S. T. Lin et al. (TEXONO)}",
TITLE="{New limits on spin-independent and spin-dependent couplings of low-mass WIMP dark matter with a germanium detector at a threshold of 220 eV}",
JOURNAL="Phys. Rev. D",
VOLUME= "79, 061101",
YEAR="2009"
}

@ARTICLE{CHOOZ1998,
AUTHOR="{M. Apollonio et al. (CHOOZ)}",
TITLE="{Initial results from the CHOOZ long baseline reactor neutrino oscillation experiment}",
JOURNAL="Phys. Lett. B",
VOLUME= "420",
PAGES="397-404",
YEAR="1998"
}

@ARTICLE{LHM2011,
AUTHOR="{Liehua Ma et al.}",
TITLE="{The mass production and quality control of RPCs for the Daya Bay experiment}",
JOURNAL="Nucl. Instr. Meth. Phys. Res. A",
VOLUME= "659",
PAGES="154-160",
YEAR="2011"
}

@ARTICLE{JLX2011,
AUTHOR="{Jilei Xu et al.}",
TITLE="{Design and preliminary test results of Daya Bay RPC modules}",
JOURNAL="Chin. Phys. C",
VOLUME= "35(9)",
PAGES="844-850",
YEAR="2011"
}

@ARTICLE{ZN2013,
AUTHOR="{Zhe Ning et al.}",
TITLE="{Calibration algorithms of RPC detectors at Daya Bay Neutrino Experiment}",
JOURNAL="J. Instrum.",
VOLUME= "8, T03007",
YEAR="2013"
}

@ARTICLE{DYB2012,
AUTHOR="{F. P. An et al. (Daya Bay Collaboration)}",
TITLE="{Observation of Electron-Antineutrino Disappearance at Daya Bay}",
JOURNAL="Phys. Rev. Lett.",
VOLUME= "108, 171803",
YEAR="2012"
}

@ARTICLE{HM2011,
AUTHOR="{Hisakazu Minakata}",
TITLE="{If $\theta_{13}$ is large, then what?}",
JOURNAL="arXiv:1110.4237",
YEAR="2011"
}