%% LaTeX2e file `references.bib'
%% generated by the `filecontents' environment
%% from source `TechnoteNeutronProduction' on 2014/06/04.
%%
@misc{Aglietta1989,
  author={M. Aglietta et al.},
  howpublished={Nuovo Cimento C \textbf{12}, 467},
  year={1989}
}

@misc{Araujo2005,
  author={H. M. Araujo et al.},
  howpublished={Nucl. Instrum. Methods A \textbf{545}, 398},
  year={2005}
}

@misc{Bezrukov1973,
  author={L. B. Bezrukov et al.},
  howpublished={Sov. J. Nucl. Phys. \textbf{17}, 51},
  year={1973}
}

@misc{dayabay2012_1,
  author={(Daya Bay Collaboration)},
  title={Observation of Electron-Antineutrino Disappearance at Daya Bay},
  howpublished={\href{http://journals.aps.org/prl/abstract/10.1103/PhysRevLett.108.171803}{Phys. Rev. Lett. \textbf{108}, 171803}},
  year={2012}
}

@MISC{docdb6759,
    AUTHOR={Jiajie Ling and Haoqi Lu},
    TITLE={Muon Tagging},
    howpublished={\href{http://dayabay.ihep.ac.cn/cgi-bin/DocDB/ShowDocument?docid=6759}{DocDB-6759}}
}

@misc{docdb7273,
    AUTHOR={Gaosong Li and Jianglai Liu},
    TITLE={Absolute H-Gd Ratio Study with Spallation and AmC Neutrons},
    howpublished={\href{http://dayabay.ihep.ac.cn/cgi-bin/DocDB/ShowDocument?docid=7273}{DocDB-7273}}
}

@misc{docdb7299,
    AUTHOR={Xin Qian and Chao Zhang},
    TITLE={Understanding the Gd Neutron Capture Timing Spectrum},
    howpublished={\href{http://dayabay.ihep.ac.cn/cgi-bin/DocDB/ShowDocument?docid=7299}{DocDB-7299}}
}

@misc{docdb7334,
    AUTHOR={{Cheng-ju Lin, Yasuhiro Nakajima, J. Pedro Ochoa and Patrick Tsang}},
    TITLE={The AdSimple Reconstruction},
    howpublished={\href{http://dayabay.ihep.ac.cn/cgi-bin/DocDB/ShowDocument?docid=7334}{DocDB-7334}}
}

@misc{docdb7730,
    AUTHOR={Guofu Cao},
    TITLE={A Cross Check for H/Gd Ratio},
    howpublished={\href{http://dayabay.ihep.ac.cn/cgi-bin/DocDB/ShowDocument?docid=7730}{DocDB-7730}}
}

@misc{docdb7524,
    AUTHOR={Bryce Littlejohn},
    TITLE={Absolute Neutron Capture Ratios},
    howpublished={\href{http://dayabay.ihep.ac.cn/cgi-bin/DocDB/ShowDocument?docid=7524}{DocDB-7524}}
}

@misc{docdb7525,
    AUTHOR={Fenfang Wu and Xin Qian},
    TITLE={H-Gd Ratio with Spallation Neutron and AmC Source},
    howpublished={\href{http://dayabay.ihep.ac.cn/cgi-bin/DocDB/ShowDocument?docid=7525}{DocDB-7525}}
}

@misc{docdb8280,
    AUTHOR={Jiajie Ling and Xin Qian},
    TITLE={PuC special ACU long run study},
    howpublished={\href{http://dayabay.ihep.ac.cn/cgi-bin/DocDB/ShowDocument?docid=8280}{DocDB-8280}}
}

@misc{docdb8473,
    AUTHOR={Masheng Yang},
    TITLE={Neutron capture ratio on Gd},
    howpublished={\href{http://dayabay.ihep.ac.cn/cgi-bin/DocDB/ShowDocument?docid=8473}{DocDB-8473}}
}

@misc{docdb8501,
    AUTHOR={Gaosong Li{,} Jianglai Liu},
    TITLE={H/Gd Ratio From Special ACU Runs},
    howpublished={\href{http://dayabay.ihep.ac.cn/cgi-bin/DocDB/ShowDocument?docid=8501}{DocDB-8501}}
}

@misc{docdb9226,
    AUTHOR={Zeyuan Yu},
    TITLE={Summary and perspective of Gd capture ratio},
    howpublished={\href{http://dayabay.ihep.ac.cn/cgi-bin/DocDB/ShowDocument?docid=9226}{DocDB-9226}}
}

@misc{docdb9273,
    AUTHOR={Gaosong Li},
    TITLE={Constrain Center Gd Capture Ratio with Special ACU Data},
    howpublished={\href{http://dayabay.ihep.ac.cn/cgi-bin/DocDB/ShowDocument?docid=9273}{DocDB-9273}}
}

@misc{Enikeev1987,
  author={L. B. Bezrukov et al.},
  howpublished={Sov. J. Nucl. Phys. \textbf{46}, 1492},
  year={1987}
}

@misc{Gorshkov1971,
  author={G. V. Gorshkov, V. A. Zyabkin, and R. M. Yakovlev},
  howpublished={Sov. J. Nucl. Phys. \textbf{13}, 450},
  year={1971}
}

@misc{Malgin2008,
  author={A. S. Malgin and O. G. Ryazhskaya},
  howpublished={Phys. of Atomic Nuclei, \textbf{71}, 10, 1769},
  year={2008}
}

@misc{Mei2006,
  author={D.-M. Mei and A. Hime},
  howpublished={Phys. Rev. D \textbf{73}, 053004},
  year={2006}
}

@misc{Wang2001,
  author={Y.-F. Wang et al.},
  howpublished={Phys. Rev. D \textbf{64}, 013012},
  year={2001}
}

@misc{Zatsepin1965,
  author={G. T. Zatsepin and O. G. Ryazhskaya},
  howpublished={Izv. Akad. Nauk SSSR, Ser. Fiz. \textbf{29}, 1946},
  year={1965}
}