@Article{Beringer2012,
author = "{J. Beringer et al.(PDG)}",
title = "{COSMIC RAYS}",
journal = "PR D86, 010001",
year = "2012"
}

@Book{dybtdr,
author = {Daya Bay Collaboration},
title = {Daya Bay Project Technical {D}esign {R}eport (v2)},
year = {2008}
}

@Article{Kopeikin2004,
author = "{V. I. Kopeikin, L. A. Mikaelyan, and V. V. Sinev}",
title = "{Reactor as a Source of Antineutrinos: Thermal Fission Energy}",
journal = "Physics of Atomic Nuclei",
volume = "67",
issue = "10",
pages = "1892-1899",
year = "2004"
}

@Article{Malgin2008,
author = "A. S. Malgin and O. G. Ryazhskaya",
title = "Neutrons from {M}uons {U}nderground",
journal = "Physics of Atomic Nuclei",
volume = "71",
issue = "10",
pages = "1769-1781",
year = "2008"
}

@Article{Santonico1981,
author = "R. Santonico and R. Cardarelli",
title = "Development of {R}esistive {P}late {C}ounters",
journal = "Nuclear Instruments and Methods",
volume = "187",
pages = "377-380",
year = "1981"
}

@Article{Vogel1989,
author = "{P. Vogel and J. Engel}",
title = "{Neutrino electromagnetic form factors}",
journal = "Physical Review D",
volume = "39",
issue = "11",
pages = "3378",
year = "1989"
}

@Article{Vogel1999,
author = "{P. Vogel and J. F. Beacom}",
title = "{Angular distribution of neutron inverse beta decay, $\bar{\nu}_e+p\rightarrow e^++n$}",
journal = "Physical Review D",
volume = "60 053003",
year = "1999"
}