@misc{jjling+hqlu,
author = {Jiajie Ling and Haoqi Lu},
title = "Muon {T}agging",
howpublished = "DocDB-6759",
note  = "\url{http://dayabay.ihep.ac.cn/DocDB/0067/006759/004/muontag.pdf}"
}
@misc{coordsys,
note  = "\url{https://wiki.bnl.gov/dayabay/index.php?title=Coordinate_Systems}"
}
@misc{bob,
author = "Bob Hackenburg",
title  = "Daya {B}ay {L}ocal {C}oordinate {S}ystems",
howpublished = "DocDB-7566",
note   = "\url{http://dayabay.ihep.ac.cn/DocDB/0075/007566/009/Geometry.pdf}"
}