@article{2013_1,
      author         = "{Z. Ning, Q.M. Zhang, J.L. Xu, L. Lebanowski, J.W. Zhang, C.G. Yang, M. He, J. Zhao, J.H. Zou, V. P{\v e}{\v c}, \underline{\textbf{\emph{Sh.-K. Lin}}}, M.Y. Guan, H.F. Hao, L. Zheng, X.L. Ji, F. Li, K. Lau and V. Vorobel}",
      title          = "{Calibration algorithms of RPC detectors at Daya Bay Neutrino Experiment}",
      year           = "2013",
      journal        = "J. Instrum.",
      volume         = "8, T03007"
}

@article{2013_2,
      author         = "{F. P. An et al. (Daya Bay Collaboration)}",
      title          = "{Improved measurement of electron antineutrino disappearance at Daya Bay}",
      journal        = "Chinese Phys. C",
      volume         = "37, 011001",
      year           = "2013"
}

@article{2012_1,
      author         = "{F. P. An et al. (Daya Bay Collaboration)}",
      title          = "{Observation of electron-antineutrino disappearance at Daya Bay}",
      journal        = "Phys. Rev. Lett.",
      volume         = "108, 171803",
      year           = "2012"
}

@article{2012_2,
      author         = "{F. P. An et al. (Daya Bay Collaboration)}",
      title          = "{A side-by-side comparison of Daya Bay antineutrino detectors}",
      journal        = "Nucl. Instr. Meth A",
      volume         = "685",
      pages          = "78-97",
      year           = "2012"
}

@article{2011_1,
      author         = "{XU Ji-Lei, GUAN Meng-Yun, YANG Chang-Gen, WANG Yi-Fang, ZHANG Jia-Wen, LU Chang-Guo, Kirk McDonald, Robert Hackenburg, Kwong Lau, Logan Lebanowski, Cullen Newsom, \underline{\textbf{\emph{Lin Shih-Kai}}}, Jonathan Link, MA Lie-Hua, Viktor P{\v e}{\v c}, Vit Vorobel, CHEN Jin, LIU Jin-Chang, ZHOU Yong-Zhao, LIANG Hao}",
      title          = "{Design and preliminary test results of Daya Bay RPC modules}",
      journal        = "Chinese Phys. C",
      volume         = "35",
      pages          = "844-850",
      year           = "2011"
}

@article{2011_2,
      author         = "{Liehua Ma, Logan Lebanowski, Jin Chen, Mengyun Guan, Robert Hackenburg, Kwong
Lau, \underline{\textbf{\emph{Shih-Kai Lin}}}, Changguo Lu, Kirk McDonald, Cullen Newsom, Zhe Ning, Viktor Pec,
Sen Qian, Vit Vorobel, Yifang Wang, Jilei Xu, Changgen Yang, Jiawen Zhang, Qingmin
Zhang}",
      title          = "{The mass production and quality control of RPCs for the Daya Bay experiment}",
      journal        = "Nucl. Instr. Meth. Phys. Res. A",
      volume         = "659",
      pages          = "154-160",
      year           = "2011"
}

@article{2010,
      author         = "{M. Deniz et al. (TEXONO)}",
      title          = "{Measurement of $\bar{\nu}_e$-elelctron cross section with a CsI(Tl) scintillating crystal array at the Kuo-Sheng nuclear power reactor}",
      journal        = "Phys. Rev. D",
      volume         = "81, 072001",
      year           = "2010"
}

@article{2009,
      author         = "{S. T. Lin et al. (TEXONO)}",
      title          = "{New limits on spin-independent and spin-dependent couplings of low-mass WIMP dark matter with a germanium detector at a threshold of 220eV}",
      journal        = "Phys. Rev. D",
      volume         = "79, 061101",
      year           = "2009"
}

@article{2008,
      author         = "{H Y Liao, H M Chang, M H Chou, M Deniz, H X Huang, F S Lee, H B Li, J Li, C W Lin, F K Lin, \underline{\textbf{\emph{S K Lin}}}, S T Lin, V Singh, H T Wong and S C Wu}",
      title          = "{Production and decay of the $^{73}$Ge*(1/2$^-$) metastable state in a low-background germanium detector}",
      journal        = "J. Phys. G: Nucl. Part. Phys.",
      volume         = "35, 077001",
      year           = "2008"
}

@article{2007,
      author         = "{H. T. Wong et al. (TEXONO)}",
      title          = "{Search of Neutrino Magnetic Moments with a High-Purity Germanium Detector at the Kuo-Sheng Nuclear Power Station}",
      journal        = "Phys. Rev. D",
      volume         = "75, 012001",
      year           = "2007"
}

@article{2005,
      author         = "{\underline{\textbf{\emph{Shih-Kai Lin}}}, Kun-Ta Wu, Chao-Ping Huang, C.-T. Liang, Y. H. Chang, Y. F. Chen, P. H.
Chang, N.C. Chen, H. C. Peng, C. F. Shih, K. S. Liu and T. Y. Lin}",
      title          = "{Electron Transport in In-rich In$_x$Ga$_{1-x}$N films}",
      journal        = "J. Appl. Phys.",
      volume         = "97, 046101",
      year           = "2005"
}